<record><leader>00000cas a22000007a 4500</leader><controlfield tag="001">10308002</controlfield><controlfield tag="008">840117d18631864pauwr ne      0    0eng d</controlfield><controlfield tag="009">3781</controlfield><datafield ind1=" " ind2=" " tag="010"><subfield code="a">sn 84026043 </subfield></datafield><datafield ind1=" " ind2=" " tag="040"><subfield code="a">NPU</subfield><subfield code="b">eng</subfield><subfield code="c">NPU</subfield><subfield code="d">NPY</subfield><subfield code="d">NPA</subfield><subfield code="d">DLC</subfield><subfield code="d">NPX</subfield><subfield code="d">NPH</subfield></datafield><datafield ind1="1" ind2=" " tag="029"><subfield code="a">AU@</subfield><subfield code="b">000025839433</subfield></datafield><datafield ind1=" " ind2=" " tag="042"><subfield code="a">msc</subfield></datafield><datafield ind1="0" ind2="0" tag="050"><subfield code="a">Newspaper 9375-X</subfield></datafield><datafield ind1="0" ind2=" " tag="130"><subfield code="a">Norristown herald and free press (Norristown, Pa. : 1863)</subfield></datafield><datafield ind1="0" ind2="0" tag="245"><subfield code="a">Norristown herald and free press.</subfield></datafield><datafield ind1=" " ind2=" " tag="260"><subfield code="a">Norristown, Pa. :</subfield><subfield code="b">Robert Iredell,</subfield><subfield code="c">1863-1864.</subfield></datafield><datafield ind1=" " ind2=" " tag="300"><subfield code="a">2 v. ;</subfield><subfield code="c">57-76 cm.</subfield></datafield><datafield ind1=" " ind2=" " tag="310"><subfield code="a">Weekly</subfield></datafield><datafield ind1="0" ind2=" " tag="362"><subfield code="a">Vol. 64, whole no. 3281 (Jan. 27, 1863)-v. 65, whole no. 3369 (Oct. 4, 1864 = New ser., v. 27, no. 4-new ser., v. 28, no. 40.</subfield></datafield><datafield ind1=" " ind2=" " tag="752"><subfield code="a">United States</subfield><subfield code="b">Pennsylvania</subfield><subfield code="c">Montgomery</subfield><subfield code="d">Norristown.</subfield></datafield><datafield ind1="0" ind2="0" tag="780"><subfield code="t">Herald and free press (Norristown, Pa. : 1854)</subfield><subfield code="w">(OCoLC)16919101</subfield></datafield><datafield ind1="0" ind2="7" tag="785"><subfield code="t">Norristown Republican</subfield><subfield code="w">(DLC)sn 84026048</subfield></datafield><datafield ind1="0" ind2="7" tag="785"><subfield code="t">Herald and free press and Norristown Republican</subfield><subfield code="w">(DLC)sn 85038435</subfield></datafield></record>